@misc{pythonSocket,
  author       = {Python Software Foundation},
  title        = {Socket Programming HOWTO},
  year         = {2023},
  url          = {https://docs.python.org/3/howto/sockets.html},
  note         = {Truy cập tháng 6 năm 2025}
}

@article{desAlgorithm,
  author       = {FIPS Publication 46-3},
  title        = {Data Encryption Standard (DES)},
  journal      = {National Institute of Standards and Technology},
  year         = {1999},
  url          = {https://csrc.nist.gov/publications/detail/fips/46/3/final},
  note         = {Chuẩn mã hóa đối xứng do NIST công bố}
}

@article{dataCompression,
  author       = {Khalid Sayood},
  title        = {Introduction to Data Compression},
  journal      = {Morgan Kaufmann},
  year         = {2012},
  edition      = {4th Edition}
}

@book{computerNetworking,
  author       = {Andrew S. Tanenbaum and David J. Wetherall},
  title        = {Computer Networks},
  publisher    = {Pearson},
  year         = {2013},
  edition      = {5th Edition}
}

@misc{pythonOfficialDocs,
  author       = {Python Software Foundation},
  title        = {The Python Language Reference},
  year         = {2024},
  url          = {https://docs.python.org/3/reference/index.html},
  note         = {Truy cập tháng 6 năm 2025}
}

@book{networkSecurity,
  author       = {William Stallings},
  title        = {Network Security Essentials: Applications and Standards},
  publisher    = {Pearson},
  year         = {2020},
  edition      = {6th Edition}
}

@misc{projectLog,
  author       = {Lê Trọng Nhân},
  title        = {Thực nghiệm hệ thống gửi báo cáo tài chính mã hóa},
  year         = {2025},
  note         = {Ghi chép và log thực nghiệm cá nhân}
}
